@Manual{R-base,
  title = {R: A Language and Environment for Statistical Computing},
  author = {{R Core Team}},
  organization = {R Foundation for Statistical Computing},
  address = {Vienna, Austria},
  year = {2016},
  url = {https://www.R-project.org/},
}
@Manual{R-papaja,
  author = {Frederik Aust and Marius Barth},
  title = {{papaja}: {Create} {APA} manuscripts with {R Markdown}},
  year = {2017},
  note = {R package version 0.1.0.9492},
  url = {https://github.com/crsh/papaja},
}
@Book{R-knitr,
  title = {Dynamic Documents with {R} and knitr},
  author = {Yihui Xie},
  publisher = {Chapman and Hall/CRC},
  address = {Boca Raton, Florida},
  year = {2015},
  edition = {2nd},
  note = {ISBN 978-1498716963},
  url = {https://yihui.name/knitr/},
}
@Manual{R-Matrix,
  title = {Matrix: Sparse and Dense Matrix Classes and Methods},
  author = {Douglas Bates and Martin Maechler},
  year = {2018},
  note = {R package version 1.2-14},
  url = {https://CRAN.R-project.org/package=Matrix},
}
@Article{R-MCMCpack,
  title = {{MCMCpack}: Markov Chain Monte Carlo in {R}},
  author = {Andrew D. Martin and Kevin M. Quinn and Jong Hee Park},
  journal = {Journal of Statistical Software},
  year = {2011},
  volume = {42},
  number = {9},
  pages = {22},
  url = {http://www.jstatsoft.org/v42/i09/},
}
@Article{R-metafor,
  title = {Conducting meta-analyses in {R} with the {metafor} package},
  author = {Wolfgang Viechtbauer},
  journal = {Journal of Statistical Software},
  year = {2010},
  volume = {36},
  number = {3},
  pages = {1--48},
  url = {http://www.jstatsoft.org/v36/i03/},
}
@Article{R-msm,
  title = {Multi-State Models for Panel Data: The {msm} Package for {R}},
  author = {Christopher H. Jackson},
  journal = {Journal of Statistical Software},
  year = {2011},
  volume = {38},
  number = {8},
  pages = {1--29},
  url = {http://www.jstatsoft.org/v38/i08/},
}
@Manual{R-psych,
  title = {psych: Procedures for Psychological, Psychometric, and Personality Research},
  author = {William Revelle},
  organization = { Northwestern University},
  address = { Evanston, Illinois},
  year = {2018},
  note = {R package version 1.8.4},
  url = {https://CRAN.R-project.org/package=psych},
}
@Misc{R-fields,
  title = {fields: Tools for spatial data},
  author = {{Douglas Nychka} and {Reinhard Furrer} and {John Paige} and {Stephan Sain}},
  note = {R package version 9.6},
  organization = {University Corporation for Atmospheric Research},
  address = {Boulder, CO, USA},
  year = {2017},
  url = {www.image.ucar.edu/~nychka/Fields},
  doi = {10.5065/D6W957CT},
}
@Book{R-ggplot2,
  author = {Hadley Wickham},
  title = {ggplot2: Elegant Graphics for Data Analysis},
  publisher = {Springer-Verlag New York},
  year = {2016},
  isbn = {978-3-319-24277-4},
  url = {http://ggplot2.org},
}
@Manual{R-abind,
  title = {abind: Combine Multidimensional Arrays},
  author = {Tony Plate and Richard Heiberger},
  year = {2016},
  note = {R package version 1.4-5},
  url = {https://CRAN.R-project.org/package=abind},
}
@Manual{R-BayesFactor,
  title = {BayesFactor: Computation of Bayes Factors for Common Designs},
  author = {Richard D. Morey and Jeffrey N. Rouder},
  year = {2018},
  note = {R package version 0.9.12-4.2},
  url = {https://CRAN.R-project.org/package=BayesFactor},
}
@Manual{R-circular,
  title = {{R} package \texttt{circular}: Circular Statistics (version 0.4-93)},
  author = {C. Agostinelli and U. Lund},
  address = {CA: Department of Environmental Sciences, Informatics
and Statistics, Ca' Foscari University, Venice, Italy. UL: Department of Statistics, California Polytechnic State University, San Luis Obispo, California, USA},
  year = {2017},
  url = {https://r-forge.r-project.org/projects/circular/},
}
@Article{R-coda,
  title = {CODA: Convergence Diagnosis and Output Analysis for MCMC},
  author = {Martyn Plummer and Nicky Best and Kate Cowles and Karen Vines},
  journal = {R News},
  year = {2006},
  volume = {6},
  number = {1},
  pages = {7--11},
  url = {https://journal.r-project.org/archive/},
  pdf = {https://www.r-project.org/doc/Rnews/Rnews_2006-1.pdf},
}
@Manual{R-magrittr,
  title = {magrittr: A Forward-Pipe Operator for R},
  author = {Stefan Milton Bache and Hadley Wickham},
  year = {2014},
  note = {R package version 1.5},
  url = {https://CRAN.R-project.org/package=magrittr},
}
@Book{R-MASS,
  title = {Modern Applied Statistics with S},
  author = {W. N. Venables and B. D. Ripley},
  publisher = {Springer},
  edition = {Fourth},
  address = {New York},
  year = {2002},
  note = {ISBN 0-387-95457-0},
  url = {http://www.stats.ox.ac.uk/pub/MASS4},
}
@Book{R-mvtnorm,
  title = {Computation of Multivariate Normal and t Probabilities},
  author = {Alan Genz and Frank Bretz},
  series = {Lecture Notes in Statistics},
  year = {2009},
  publisher = {Springer-Verlag},
  address = {Heidelberg},
  isbn = {978-3-642-01688-2},
}
@Manual{R-scam,
  title = {scam: Shape Constrained Additive Models},
  author = {Natalya Pya},
  year = {2020},
  note = {R package version 1.2-6},
  url = {https://CRAN.R-project.org/package=scam},
}
@Manual{R-spatialfil,
  title = {spatialfil: Application of 2D Convolution Kernel Filters to Matrices or 3D
Arrays},
  author = {Nicola Dinapoli and Roberto Gatta},
  year = {2015},
  note = {R package version 0.15},
  url = {https://CRAN.R-project.org/package=spatialfil},
}
@Manual{R-tmvtnorm,
  title = {{tmvtnorm}: Truncated Multivariate Normal and Student t Distribution},
  author = {Stefan Wilhelm and Manjunath B G},
  year = {2015},
  note = {R package version 1.4-10},
  url = {http://CRAN.R-project.org/package=tmvtnorm},
}
@Manual{R-truncdist,
  title = {truncdist: Truncated Random Variables},
  author = {Frederick Novomestky and Saralees Nadarajah},
  year = {2016},
  note = {R package version 1.0-2},
  url = {https://CRAN.R-project.org/package=truncdist},
}
